<record><leader>00000cas a2200000 a 4500</leader><controlfield tag="001">22829826</controlfield><controlfield tag="008">901210d19891996nyuwr ne      0    0eng c</controlfield><datafield ind1=" " ind2=" " tag="010"><subfield code="a">sn 90066365 </subfield></datafield><datafield ind1=" " ind2=" " tag="040"><subfield code="a">NYS</subfield><subfield code="b">eng</subfield><subfield code="c">NYS</subfield><subfield code="d">OCLCQ</subfield><subfield code="d">OCLCF</subfield><subfield code="d">OCLCO</subfield></datafield><datafield ind1=" " ind2=" " tag="042"><subfield code="a">pcc</subfield></datafield><datafield ind1=" " ind2=" " tag="043"><subfield code="a">n-us-ny</subfield></datafield><datafield ind1="0" ind2="0" tag="245"><subfield code="a">Old Dutch post star.</subfield></datafield><datafield ind1="1" ind2=" " tag="246"><subfield code="i">Published as:</subfield><subfield code="a">Sunday old Dutch post star</subfield><subfield code="f">Nov. 4, 1994-Dec. 3, 1995</subfield></datafield><datafield ind1=" " ind2=" " tag="260"><subfield code="a">Saugerties, N.Y. :</subfield><subfield code="b">Lee Publications,</subfield><subfield code="c">1989-1996.</subfield></datafield><datafield ind1=" " ind2=" " tag="300"><subfield code="a">v. :</subfield><subfield code="b">ill.</subfield></datafield><datafield ind1=" " ind2=" " tag="310"><subfield code="a">Weekly</subfield></datafield><datafield ind1="0" ind2=" " tag="362"><subfield code="a">Vol. 109, no. 52 (Dec. 24, 1989)-v. 116, no. 4 (Jan. 28, 1996).</subfield></datafield><datafield ind1=" " ind2="0" tag="651"><subfield code="a">Saugerties (N.Y.)</subfield><subfield code="v">Newspapers.</subfield></datafield><datafield ind1=" " ind2="0" tag="651"><subfield code="a">Ulster County (N.Y.)</subfield><subfield code="v">Newspapers.</subfield></datafield><datafield ind1=" " ind2="7" tag="655"><subfield code="a">Newspapers.</subfield><subfield code="2">fast</subfield><subfield code="0">(OCoLC)fst01423814</subfield></datafield><datafield ind1=" " ind2="7" tag="651"><subfield code="a">New York (State)</subfield><subfield code="z">Saugerties.</subfield><subfield code="2">fast</subfield><subfield code="0">(OCoLC)fst01216690</subfield></datafield><datafield ind1=" " ind2="7" tag="651"><subfield code="a">New York (State)</subfield><subfield code="z">Ulster County.</subfield><subfield code="2">fast</subfield><subfield code="0">(OCoLC)fst01207948</subfield></datafield><datafield ind1=" " ind2=" " tag="752"><subfield code="a">United States</subfield><subfield code="b">New York</subfield><subfield code="c">Ulster</subfield><subfield code="d">Saugerties.</subfield></datafield><datafield ind1="0" ind2="0" tag="780"><subfield code="t">Saugerties old Dutch post star</subfield><subfield code="w">(DLC)sn 88074742</subfield><subfield code="w">(OCoLC)18395605</subfield></datafield><datafield ind1="0" ind2="0" tag="785"><subfield code="t">Saugerties post star (Saugerties, N.Y. : 1996)</subfield><subfield code="w">(DLC)sn 99067206</subfield><subfield code="w">(OCoLC)41297492</subfield></datafield></record>